%% This BibTeX bibliography file was created using BibDesk.
%% http://bibdesk.sourceforge.net/


%% Created for 김호현 at 2016-10-27 10:41:19 +0900 


%% Saved with string encoding Unicode (UTF-8) 



@inproceedings{graves2013,
	Author = {Graves, Alex and Mohamed, Abdel-rahman and Hinton, Geoffrey},
	Booktitle = {2013 IEEE international conference on acoustics, speech and signal processing},
	Date-Added = {2016-10-27 00:49:38 +0000},
	Date-Modified = {2016-10-27 00:50:37 +0000},
	Keywords = {RNN, deep neural networks, speech recognition},
	Organization = {IEEE},
	Pages = {6645--6649},
	Title = {Speech recognition with deep recurrent neural networks},
	Year = {2013},
	Bdsk-File-1 = {YnBsaXN0MDDUAQIDBAUGJCVYJHZlcnNpb25YJG9iamVjdHNZJGFyY2hpdmVyVCR0b3ASAAGGoKgHCBMUFRYaIVUkbnVsbNMJCgsMDxJXTlMua2V5c1pOUy5vYmplY3RzViRjbGFzc6INDoACgAOiEBGABIAFgAdccmVsYXRpdmVQYXRoWWFsaWFzRGF0YW8QTAAuAC4ALwAuAC4ALxEOEWERtxEAEWkRAhFpEasRBhFuEasALwBzAHAAZQBlAGMAaAAgAHIAZQBjAG8AZwBuAGkAdABpAG8AbgAgAHcAaQB0AGgAIABkAGUAZQBwACAAcgBlAGMAdQByAHIAZQBuAHQAIABuAGUAdQByAGEAbAAgAG4AZQB0AHcAbwByAGsAcwAuAHAAZABm0hcLGBlXTlMuZGF0YU8RAlQAAAAAAlQAAgAADE1hY2ludG9zaCBIRAAAAAAAAAAAAAAAAAAAAM4Ur6JIKwAAABr4nh9zcGVlY2ggcmVjb2duaXRpb24gdyMzNzM1NkUucGRmAAAAAAAAAAAAAAAAAAAAAAAAAAAAAAAAAAAAAAAAAAAANzVu1BXXCQAAAAAAAAAAAAIAAgAACSAAAAAAAAAAAAAAAAAAAAAKPz8/IzFBRjg5RQAQAAgAAM4UMRIAAAARAAgAANQVWHkAAAABABQAGvieAA49RgAONn0ADYVcAA2FSAACAFhNYWNpbnRvc2ggSEQ6VXNlcnM6AGhvaGtpbToARG9jdW1lbnRzOgBLTk9VOgA/Pz8jMUFGODlFOgBzcGVlY2ggcmVjb2duaXRpb24gdyMzNzM1NkUucGRmAA4AdgA6AHMAcABlAGUAYwBoACAAcgBlAGMAbwBnAG4AaQB0AGkAbwBuACAAdwBpAHQAaAAgAGQAZQBlAHAAIAByAGUAYwB1AHIAcgBlAG4AdAAgAG4AZQB1AHIAYQBsACAAbgBlAHQAdwBvAHIAawBzAC4AcABkAGYADwAaAAwATQBhAGMAaQBuAHQAbwBzAGgAIABIAEQAEgB4VXNlcnMvaG9oa2ltL0RvY3VtZW50cy9LTk9VL+GEjuGFoeGGt+GEgOGFqeGEguGFqeGGq+GEhuGFruGGqy9zcGVlY2ggcmVjb2duaXRpb24gd2l0aCBkZWVwIHJlY3VycmVudCBuZXVyYWwgbmV0d29ya3MucGRmABMAAS8AABUAAgAN//8AAIAG0hscHR5aJGNsYXNzbmFtZVgkY2xhc3Nlc11OU011dGFibGVEYXRhox0fIFZOU0RhdGFYTlNPYmplY3TSGxwiI1xOU0RpY3Rpb25hcnmiIiBfEA9OU0tleWVkQXJjaGl2ZXLRJidUcm9vdIABAAgAEQAaACMALQAyADcAQABGAE0AVQBgAGcAagBsAG4AcQBzAHUAdwCEAI4BKQEuATYDjgOQA5UDoAOpA7cDuwPCA8sD0APdA+AD8gP1A/oAAAAAAAACAQAAAAAAAAAoAAAAAAAAAAAAAAAAAAAD/A==}}

@article{ljh2014,
	Author = {이재현},
	Date-Added = {2016-10-26 07:03:55 +0000},
	Date-Modified = {2016-10-26 07:06:41 +0000},
	Journal = {JKIECS},
	Keywords = {ARIMA, wavelet neural network, forcasting, 수요예측},
	Month = {9},
	Title = {웨이블렛 신경회로망을 이용한 상품 수요 예측 모형에 관한 연구},
	Year = {2014},
	Bdsk-File-1 = {YnBsaXN0MDDUAQIDBAUGJCVYJHZlcnNpb25YJG9iamVjdHNZJGFyY2hpdmVyVCR0b3ASAAGGoKgHCBMUFRYaIVUkbnVsbNMJCgsMDxJXTlMua2V5c1pOUy5vYmplY3RzViRjbGFzc6INDoACgAOiEBGABIAFgAdccmVsYXRpdmVQYXRoWWFsaWFzRGF0YW8QVAAuAC4ALwAuAC4ALxEOEWERtxEAEWkRAhFpEasRBhFuEasALxELEXARCxF1EQcRcxGvEQURZhG6ACARCRF1EasRABFnEbwREhFsEQURaREGEWERvBELEXMRrwAgEQsRdRELEW0RvBESEWERqwAgEQkRYRG8ERERbhG3ACARCRFuEQsRbQAgEQsRaBEOEXMRqAAgEQYRaRESEWcRvBELEWYALgBwAGQAZtIXCxgZV05TLmRhdGFPEQLcAAAAAALcAAIAAAxNYWNpbnRvc2ggSEQAAAAAAAAAAAAAAAAAAADOFK+iSCsAAAAa+J4ev/7AzLrtt78gvcWw5si4t864wSMzNzA5RjkucGRmAAAAAAAAAAAAAAAAAAAAAAAAAAAAAAAAAAAAAAAAAAAAADcJ+dQ2QnIAAAAAAAAAAAACAAIAAAkgAAAAAAAAAAAAAAAAAAAACj8/PyMxQUY4OUUAEAAIAADOFDESAAAAEQAIAADUNcPiAAAAAQAUABr4ngAOPUYADjZ9AA2FXAANhUgAAgBXTWFjaW50b3NoIEhEOlVzZXJzOgBob2hraW06AERvY3VtZW50czoAS05PVToAPz8/IzFBRjg5RToAv/7AzLrtt78gvcWw5si4t864wSMzNzA5RjkucGRmAAAOAIYAQhELEXARCxF1EQcRcxGvEQURZhG6ACARCRF1EasRABFnEbwREhFsEQURaREGEWERvBELEXMRrwAgEQsRdRELEW0RvBESEWERqwAgEQkRYRG8ERERbhG3ACARCRFuEQsRbQAgEQsRaBEOEXMRqAAgEQYRaRESEWcRvBELEWYALgBwAGQAZgAPABoADABNAGEAYwBpAG4AdABvAHMAaAAgAEgARAASAPBVc2Vycy9ob2hraW0vRG9jdW1lbnRzL0tOT1Uv4YSO4YWh4Ya34YSA4YWp4YSC4YWp4Yar4YSG4YWu4YarL+GEi+GFsOGEi+GFteGEh+GFs+GGr+GEheGFpuGGuiDhhInhhbXhhqvhhIDhhafhhrzhhJLhhazhhIXhhanhhIbhhaHhhrzhhIvhhbPhhq8g4YSL4YW14YSL4YWt4Ya84YSS4YWh4YarIOGEieGFoeGGvOGEkeGFruGGtyDhhInhha7hhIvhha0g4YSL4YWo4YSO4YWz4YaoIOGEhuGFqeGEkuGFp+GGvOGEi+GFpi5wZGYAEwABLwAAFQACAA3//wAAgAbSGxwdHlokY2xhc3NuYW1lWCRjbGFzc2VzXU5TTXV0YWJsZURhdGGjHR8gVk5TRGF0YVhOU09iamVjdNIbHCIjXE5TRGljdGlvbmFyeaIiIF8QD05TS2V5ZWRBcmNoaXZlctEmJ1Ryb290gAEACAARABoAIwAtADIANwBAAEYATQBVAGAAZwBqAGwAbgBxAHMAdQB3AIQAjgE5AT4BRgQmBCgELQQ4BEEETwRTBFoEYwRoBHUEeASKBI0EkgAAAAAAAAIBAAAAAAAAACgAAAAAAAAAAAAAAAAAAASU}}

@article{ardalani2010,
	Author = {Ardalani-Farsa, Muhammad and Zolfaghari, Saeed},
	Date-Added = {2016-10-26 05:53:48 +0000},
	Date-Modified = {2016-10-26 08:00:34 +0000},
	Journal = {Neurocomputing},
	Keywords = {chaotic time series, elman recurrent neural network, NARX, residual analysis},
	Number = {13},
	Pages = {2540--2553},
	Publisher = {Elsevier},
	Title = {Chaotic time series prediction with residual analysis method using hybrid Elman--NARX neural networks},
	Volume = {73},
	Year = {2010},
	Bdsk-File-1 = {YnBsaXN0MDDUAQIDBAUGJCVYJHZlcnNpb25YJG9iamVjdHNZJGFyY2hpdmVyVCR0b3ASAAGGoKgHCBMUFRYaIVUkbnVsbNMJCgsMDxJXTlMua2V5c1pOUy5vYmplY3RzViRjbGFzc6INDoACgAOiEBGABIAFgAdccmVsYXRpdmVQYXRoWWFsaWFzRGF0YW8QVwAuAC4ALwAuAC4ALxEOEWERtxEAEWkRAhFpEasRBhFuEasALwBDAGgAYQBvAHQAaQBjACAAdABpAG0AZQAgAHMAZQByAGkAZQBzACAAcAByAGUAZABpAGMAdABpAG8AbgAgAHcAaQB0AGgAIAByAGUAcwBpAGQAdQBhAGwAIABhAG4AYQBsAHkAcwBpAHMAIABtAGUAdABoAG8AZABfADIAMAAxADAALgBwAGQAZtIXCxgZV05TLmRhdGFPEQJ2AAAAAAJ2AAIAAAxNYWNpbnRvc2ggSEQAAAAAAAAAAAAAAAAAAADOFK+iSCsAAAAa+J4fQ2hhb3RpYyB0aW1lIHNlcmllcyAjMzZGNTBDLnBkZgAAAAAAAAAAAAAAAAAAAAAAAAAAAAAAAAAAAAAAAAAAADb1DNQ2QnYAAAAAAAAAAAACAAIAAAkgAAAAAAAAAAAAAAAAAAAACj8/PyMxQUY4OUUAEAAIAADOFDESAAAAEQAIAADUNcPmAAAAAQAUABr4ngAOPUYADjZ9AA2FXAANhUgAAgBYTWFjaW50b3NoIEhEOlVzZXJzOgBob2hraW06AERvY3VtZW50czoAS05PVToAPz8/IzFBRjg5RToAQ2hhb3RpYyB0aW1lIHNlcmllcyAjMzZGNTBDLnBkZgAOAIwARQBDAGgAYQBvAHQAaQBjACAAdABpAG0AZQAgAHMAZQByAGkAZQBzACAAcAByAGUAZABpAGMAdABpAG8AbgAgAHcAaQB0AGgAIAByAGUAcwBpAGQAdQBhAGwAIABhAG4AYQBsAHkAcwBpAHMAIABtAGUAdABoAG8AZABfADIAMAAxADAALgBwAGQAZgAPABoADABNAGEAYwBpAG4AdABvAHMAaAAgAEgARAASAINVc2Vycy9ob2hraW0vRG9jdW1lbnRzL0tOT1Uv4YSO4YWh4Ya34YSA4YWp4YSC4YWp4Yar4YSG4YWu4YarL0NoYW90aWMgdGltZSBzZXJpZXMgcHJlZGljdGlvbiB3aXRoIHJlc2lkdWFsIGFuYWx5c2lzIG1ldGhvZF8yMDEwLnBkZgAAEwABLwAAFQACAA3//wAAgAbSGxwdHlokY2xhc3NuYW1lWCRjbGFzc2VzXU5TTXV0YWJsZURhdGGjHR8gVk5TRGF0YVhOU09iamVjdNIbHCIjXE5TRGljdGlvbmFyeaIiIF8QD05TS2V5ZWRBcmNoaXZlctEmJ1Ryb290gAEACAARABoAIwAtADIANwBAAEYATQBVAGAAZwBqAGwAbgBxAHMAdQB3AIQAjgE/AUQBTAPGA8gDzQPYA+ED7wPzA/oEAwQIBBUEGAQqBC0EMgAAAAAAAAIBAAAAAAAAACgAAAAAAAAAAAAAAAAAAAQ0}}

@article{diaconescu2008,
	Author = {Diaconescu, Eugen},
	Date-Added = {2016-10-26 05:50:40 +0000},
	Date-Modified = {2016-10-26 08:01:38 +0000},
	Journal = {Wseas Transactions on computer research},
	Keywords = {chaotic time series, predicting, RNN, NARX},
	Number = {3},
	Pages = {182--191},
	Publisher = {Citeseer},
	Title = {The use of NARX neural networks to predict chaotic time series},
	Volume = {3},
	Year = {2008},
	Bdsk-File-1 = {YnBsaXN0MDDUAQIDBAUGJCVYJHZlcnNpb25YJG9iamVjdHNZJGFyY2hpdmVyVCR0b3ASAAGGoKgHCBMUFRYaIVUkbnVsbNMJCgsMDxJXTlMua2V5c1pOUy5vYmplY3RzViRjbGFzc6INDoACgAOiEBGABIAFgAdccmVsYXRpdmVQYXRoWWFsaWFzRGF0YW8QJQAuAC4ALwAuAC4ALxEOEWERtxEAEWkRAhFpEasRBhFuEasALwBOAEEAUgBYAF8AQwBoAGEAbwB0AGkAYwAgAFQAUwAuAHAAZABm0hcLGBlXTlMuZGF0YU8RAdQAAAAAAdQAAgAADE1hY2ludG9zaCBIRAAAAAAAAAAAAAAAAAAAAM4Ur6JIKwAAABr4nhNOQVJYX0NoYW90aWMgVFMucGRmAAAAAAAAAAAAAAAAAAAAAAAAAAAAAAAAAAAAAAAAAAAAAAAAAAAAAAAAAAAANvUD1DZCdAAAAAAAAAAAAAIAAgAACSAAAAAAAAAAAAAAAAAAAAAKPz8/IzFBRjg5RQAQAAgAAM4UMRIAAAARAAgAANQ1w+QAAAABABQAGvieAA49RgAONn0ADYVcAA2FSAACAExNYWNpbnRvc2ggSEQ6VXNlcnM6AGhvaGtpbToARG9jdW1lbnRzOgBLTk9VOgA/Pz8jMUFGODlFOgBOQVJYX0NoYW90aWMgVFMucGRmAA4AKAATAE4AQQBSAFgAXwBDAGgAYQBvAHQAaQBjACAAVABTAC4AcABkAGYADwAaAAwATQBhAGMAaQBuAHQAbwBzAGgAIABIAEQAEgBRVXNlcnMvaG9oa2ltL0RvY3VtZW50cy9LTk9VL+GEjuGFoeGGt+GEgOGFqeGEguGFqeGGq+GEhuGFruGGqy9OQVJYX0NoYW90aWMgVFMucGRmAAATAAEvAAAVAAIADf//AACABtIbHB0eWiRjbGFzc25hbWVYJGNsYXNzZXNdTlNNdXRhYmxlRGF0YaMdHyBWTlNEYXRhWE5TT2JqZWN00hscIiNcTlNEaWN0aW9uYXJ5oiIgXxAPTlNLZXllZEFyY2hpdmVy0SYnVHJvb3SAAQAIABEAGgAjAC0AMgA3AEAARgBNAFUAYABnAGoAbABuAHEAcwB1AHcAhACOANsA4ADoAsACwgLHAtIC2wLpAu0C9AL9AwIDDwMSAyQDJwMsAAAAAAAAAgEAAAAAAAAAKAAAAAAAAAAAAAAAAAAAAy4=}}

@article{maknickiene,
	Author = {Maknickien{\.e}, Nijol{\.e} and Rutkauskas, Aleksandras Vytautas and Maknickas, Algirdas},
	Date-Added = {2016-10-26 05:47:39 +0000},
	Date-Modified = {2016-10-26 08:02:17 +0000},
	Keywords = {RNN, investigation, financial market prediction},
	Title = {Investigation of financial market prediction by recurrent neural network},
	Bdsk-File-1 = {YnBsaXN0MDDUAQIDBAUGJCVYJHZlcnNpb25YJG9iamVjdHNZJGFyY2hpdmVyVCR0b3ASAAGGoKgHCBMUFRYaIVUkbnVsbNMJCgsMDxJXTlMua2V5c1pOUy5vYmplY3RzViRjbGFzc6INDoACgAOiEBGABIAFgAdccmVsYXRpdmVQYXRoWWFsaWFzRGF0YW8QagAuAC4ALwAuAC4ALxEOEWERtxEAEWkRAhFpEasRBhFuEasALwBJAG4AdgBlAHMAdABpAGcAYQB0AGkAbwBuACAAbwBmACAAZgBpAG4AYQBuAGMAaQBhAGwAIABtAGEAcgBrAGUAdAAgAHAAcgBlAGQAaQBjAHQAaQBvAG4AIABiAHkAIAByAGUAYwB1AHIAcgBlAG4AdAAgAG4AZQB1AHIAYQBsACAAbgBlAHQAdwBvAHIAawAtADIAMAAxADEALQAyAC0ATgByADEAMQAuAHAAZABm0hcLGBlXTlMuZGF0YU8RAq4AAAAAAq4AAgAADE1hY2ludG9zaCBIRAAAAAAAAAAAAAAAAAAAAM4Ur6JIKwAAABr4nh9JbnZlc3RpZ2F0aW9uIG9mIGZpbiMzNkY1MEQucGRmAAAAAAAAAAAAAAAAAAAAAAAAAAAAAAAAAAAAAAAAAAAANvUN1DZCdgAAAAAAAAAAAAIAAgAACSAAAAAAAAAAAAAAAAAAAAAKPz8/IzFBRjg5RQAQAAgAAM4UMRIAAAARAAgAANQ1w+YAAAABABQAGvieAA49RgAONn0ADYVcAA2FSAACAFhNYWNpbnRvc2ggSEQ6VXNlcnM6AGhvaGtpbToARG9jdW1lbnRzOgBLTk9VOgA/Pz8jMUFGODlFOgBJbnZlc3RpZ2F0aW9uIG9mIGZpbiMzNkY1MEQucGRmAA4AsgBYAEkAbgB2AGUAcwB0AGkAZwBhAHQAaQBvAG4AIABvAGYAIABmAGkAbgBhAG4AYwBpAGEAbAAgAG0AYQByAGsAZQB0ACAAcAByAGUAZABpAGMAdABpAG8AbgAgAGIAeQAgAHIAZQBjAHUAcgByAGUAbgB0ACAAbgBlAHUAcgBhAGwAIABuAGUAdAB3AG8AcgBrAC0AMgAwADEAMQAtADIALQBOAHIAMQAxAC4AcABkAGYADwAaAAwATQBhAGMAaQBuAHQAbwBzAGgAIABIAEQAEgCWVXNlcnMvaG9oa2ltL0RvY3VtZW50cy9LTk9VL+GEjuGFoeGGt+GEgOGFqeGEguGFqeGGq+GEhuGFruGGqy9JbnZlc3RpZ2F0aW9uIG9mIGZpbmFuY2lhbCBtYXJrZXQgcHJlZGljdGlvbiBieSByZWN1cnJlbnQgbmV1cmFsIG5ldHdvcmstMjAxMS0yLU5yMTEucGRmABMAAS8AABUAAgAN//8AAIAG0hscHR5aJGNsYXNzbmFtZVgkY2xhc3Nlc11OU011dGFibGVEYXRhox0fIFZOU0RhdGFYTlNPYmplY3TSGxwiI1xOU0RpY3Rpb25hcnmiIiBfEA9OU0tleWVkQXJjaGl2ZXLRJidUcm9vdIABAAgAEQAaACMALQAyADcAQABGAE0AVQBgAGcAagBsAG4AcQBzAHUAdwCEAI4BZQFqAXIEJAQmBCsENgQ/BE0EUQRYBGEEZgRzBHYEiASLBJAAAAAAAAACAQAAAAAAAAAoAAAAAAAAAAAAAAAAAAAEkg==}}

@url{tensorflow,
	Author = {Google},
	Date-Added = {2016-10-26 05:33:21 +0000},
	Date-Modified = {2016-10-27 01:30:53 +0000},
	Keywords = {library for machine learning},
	Title = {TensorFlow: Open Source Software Library for Machine Intelligence},
	Url = {https://www.tensorflow.org/}}

@url{torch,
	Author = {NYU},
	Date-Added = {2016-10-26 05:31:35 +0000},
	Date-Modified = {2016-10-27 01:29:32 +0000},
	Keywords = {library for machine learning, torch7},
	Title = {Torch: A Scientific Computing Framework for LUAJIT},
	Url = {http://torch.ch/}}

@article{wang2016b,
	Author = {Wang, Jie and Wang, Jun},
	Date-Added = {2016-10-26 05:08:45 +0000},
	Date-Modified = {2016-10-26 08:02:45 +0000},
	Journal = {Energy},
	Keywords = {forcasting, energy market, elman recurrent neural network},
	Pages = {365--374},
	Publisher = {Elsevier},
	Title = {Forecasting energy market indices with recurrent neural networks: Case study of crude oil price fluctuations},
	Volume = {102},
	Year = {2016},
	Bdsk-File-1 = {YnBsaXN0MDDUAQIDBAUGJCVYJHZlcnNpb25YJG9iamVjdHNZJGFyY2hpdmVyVCR0b3ASAAGGoKgHCBMUFRYaIVUkbnVsbNMJCgsMDxJXTlMua2V5c1pOUy5vYmplY3RzViRjbGFzc6INDoACgAOiEBGABIAFgAdccmVsYXRpdmVQYXRoWWFsaWFzRGF0YW8QJQAuAC4ALwAuAC4ALxEOEWERtxEAEWkRAhFpEasRBhFuEasALwB3AGEAbgBnADIAMAAxADYAXwBlAG4AZQByAGcAeQAuAHAAZABm0hcLGBlXTlMuZGF0YU8RAdQAAAAAAdQAAgAADE1hY2ludG9zaCBIRAAAAAAAAAAAAAAAAAAAAM4Ur6JIKwAAABr4nhN3YW5nMjAxNl9lbmVyZ3kucGRmAAAAAAAAAAAAAAAAAAAAAAAAAAAAAAAAAAAAAAAAAAAAAAAAAAAAAAAAAAAANvUT1DZCeAAAAAAAAAAAAAIAAgAACSAAAAAAAAAAAAAAAAAAAAAKPz8/IzFBRjg5RQAQAAgAAM4UMRIAAAARAAgAANQ1w+gAAAABABQAGvieAA49RgAONn0ADYVcAA2FSAACAExNYWNpbnRvc2ggSEQ6VXNlcnM6AGhvaGtpbToARG9jdW1lbnRzOgBLTk9VOgA/Pz8jMUFGODlFOgB3YW5nMjAxNl9lbmVyZ3kucGRmAA4AKAATAHcAYQBuAGcAMgAwADEANgBfAGUAbgBlAHIAZwB5AC4AcABkAGYADwAaAAwATQBhAGMAaQBuAHQAbwBzAGgAIABIAEQAEgBRVXNlcnMvaG9oa2ltL0RvY3VtZW50cy9LTk9VL+GEjuGFoeGGt+GEgOGFqeGEguGFqeGGq+GEhuGFruGGqy93YW5nMjAxNl9lbmVyZ3kucGRmAAATAAEvAAAVAAIADf//AACABtIbHB0eWiRjbGFzc25hbWVYJGNsYXNzZXNdTlNNdXRhYmxlRGF0YaMdHyBWTlNEYXRhWE5TT2JqZWN00hscIiNcTlNEaWN0aW9uYXJ5oiIgXxAPTlNLZXllZEFyY2hpdmVy0SYnVHJvb3SAAQAIABEAGgAjAC0AMgA3AEAARgBNAFUAYABnAGoAbABuAHEAcwB1AHcAhACOANsA4ADoAsACwgLHAtIC2wLpAu0C9AL9AwIDDwMSAyQDJwMsAAAAAAAAAgEAAAAAAAAAKAAAAAAAAAAAAAAAAAAAAy4=}}

@article{oancea2014,
	Author = {Oancea, Bogdan and Ciucu, {\c{S}}tefan Cristian},
	Date-Added = {2016-10-26 05:04:05 +0000},
	Date-Modified = {2016-10-26 08:02:23 +0000},
	Journal = {arXiv preprint arXiv:1401.1333},
	Keywords = {neural networks, time networks, forcasting, exchange rate, predicting},
	Title = {Time series forecasting using neural networks},
	Year = {2014},
	Bdsk-File-1 = {YnBsaXN0MDDUAQIDBAUGJCVYJHZlcnNpb25YJG9iamVjdHNZJGFyY2hpdmVyVCR0b3ASAAGGoKgHCBMUFRYaIVUkbnVsbNMJCgsMDxJXTlMua2V5c1pOUy5vYmplY3RzViRjbGFzc6INDoACgAOiEBGABIAFgAdccmVsYXRpdmVQYXRoWWFsaWFzRGF0YW8QIAAuAC4ALwAuAC4ALxEOEWERtxEAEWkRAhFpEasRBhFuEasALwBvAGEAbgBjAGUAYQAyADAAMQA0AC4AcABkAGbSFwsYGVdOUy5kYXRhTxEBwAAAAAABwAACAAAMTWFjaW50b3NoIEhEAAAAAAAAAAAAAAAAAAAAzhSvokgrAAAAGvieDm9hbmNlYTIwMTQucGRmAAAAAAAAAAAAAAAAAAAAAAAAAAAAAAAAAAAAAAAAAAAAAAAAAAAAAAAAAAAAAAAAAAA29QXUNkJ0AAAAAAAAAAAAAgACAAAJIAAAAAAAAAAAAAAAAAAAAAo/Pz8jMUFGODlFABAACAAAzhQxEgAAABEACAAA1DXD5AAAAAEAFAAa+J4ADj1GAA42fQANhVwADYVIAAIAR01hY2ludG9zaCBIRDpVc2VyczoAaG9oa2ltOgBEb2N1bWVudHM6AEtOT1U6AD8/PyMxQUY4OUU6AG9hbmNlYTIwMTQucGRmAAAOAB4ADgBvAGEAbgBjAGUAYQAyADAAMQA0AC4AcABkAGYADwAaAAwATQBhAGMAaQBuAHQAbwBzAGgAIABIAEQAEgBMVXNlcnMvaG9oa2ltL0RvY3VtZW50cy9LTk9VL+GEjuGFoeGGt+GEgOGFqeGEguGFqeGGq+GEhuGFruGGqy9vYW5jZWEyMDE0LnBkZgATAAEvAAAVAAIADf//AACABtIbHB0eWiRjbGFzc25hbWVYJGNsYXNzZXNdTlNNdXRhYmxlRGF0YaMdHyBWTlNEYXRhWE5TT2JqZWN00hscIiNcTlNEaWN0aW9uYXJ5oiIgXxAPTlNLZXllZEFyY2hpdmVy0SYnVHJvb3SAAQAIABEAGgAjAC0AMgA3AEAARgBNAFUAYABnAGoAbABuAHEAcwB1AHcAhACOANEA1gDeAqICpAKpArQCvQLLAs8C1gLfAuQC8QL0AwYDCQMOAAAAAAAAAgEAAAAAAAAAKAAAAAAAAAAAAAAAAAAAAxA=}}

@article{kyj2014,
	Author = {김영주},
	Date-Added = {2016-10-26 04:43:17 +0000},
	Date-Modified = {2016-10-26 04:46:18 +0000},
	Journal = {관광연구논총},
	Keywords = {ARIMA, 저가항공, 수요예측},
	Month = {2},
	Number = {1},
	Pages = {3-25},
	Title = {계절 ARIMA 모형을 활용한 저가항공 수요예측 - 국내선 제주권,내륙권 예측 비교 분석},
	Volume = {26},
	Year = {2014}}

@article{hochreiter1997,
	Author = {Hochreiter, Sepp and Schmidhuber, J{\"u}rgen},
	Date-Added = {2016-10-26 04:36:23 +0000},
	Date-Modified = {2016-10-26 08:01:44 +0000},
	Journal = {Neural computation},
	Keywords = {LSTM},
	Number = {8},
	Pages = {1735--1780},
	Publisher = {MIT Press},
	Title = {Long short-term memory},
	Volume = {9},
	Year = {1997},
	Bdsk-File-1 = {YnBsaXN0MDDUAQIDBAUGJCVYJHZlcnNpb25YJG9iamVjdHNZJGFyY2hpdmVyVCR0b3ASAAGGoKgHCBMUFRYaIVUkbnVsbNMJCgsMDxJXTlMua2V5c1pOUy5vYmplY3RzViRjbGFzc6INDoACgAOiEBGABIAFgAdccmVsYXRpdmVQYXRoWWFsaWFzRGF0YW8QJwAuAC4ALwAuAC4ALxEOEWERtxEAEWkRAhFpEasRBhFuEasALwBIAG8AYwBoAHIAZQBpAHQAZQByADkANwBfAGwAcwB0AG0ALgBwAGQAZtIXCxgZV05TLmRhdGFPEQHcAAAAAAHcAAIAAAxNYWNpbnRvc2ggSEQAAAAAAAAAAAAAAAAAAADOFK+iSCsAAAAa+J4VSG9jaHJlaXRlcjk3X2xzdG0ucGRmAAAAAAAAAAAAAAAAAAAAAAAAAAAAAAAAAAAAAAAAAAAAAAAAAAAAAAAAADb+s9Q2YYcAAAAAAAAAAAACAAIAAAkgAAAAAAAAAAAAAAAAAAAACj8/PyMxQUY4OUUAEAAIAADOFDESAAAAEQAIAADUNeL3AAAAAQAUABr4ngAOPUYADjZ9AA2FXAANhUgAAgBOTWFjaW50b3NoIEhEOlVzZXJzOgBob2hraW06AERvY3VtZW50czoAS05PVToAPz8/IzFBRjg5RToASG9jaHJlaXRlcjk3X2xzdG0ucGRmAA4ALAAVAEgAbwBjAGgAcgBlAGkAdABlAHIAOQA3AF8AbABzAHQAbQAuAHAAZABmAA8AGgAMAE0AYQBjAGkAbgB0AG8AcwBoACAASABEABIAU1VzZXJzL2hvaGtpbS9Eb2N1bWVudHMvS05PVS/hhI7hhaHhhrfhhIDhhanhhILhhanhhqvhhIbhha7hhqsvSG9jaHJlaXRlcjk3X2xzdG0ucGRmAAATAAEvAAAVAAIADf//AACABtIbHB0eWiRjbGFzc25hbWVYJGNsYXNzZXNdTlNNdXRhYmxlRGF0YaMdHyBWTlNEYXRhWE5TT2JqZWN00hscIiNcTlNEaWN0aW9uYXJ5oiIgXxAPTlNLZXllZEFyY2hpdmVy0SYnVHJvb3SAAQAIABEAGgAjAC0AMgA3AEAARgBNAFUAYABnAGoAbABuAHEAcwB1AHcAhACOAN8A5ADsAswCzgLTAt4C5wL1AvkDAAMJAw4DGwMeAzADMwM4AAAAAAAAAgEAAAAAAAAAKAAAAAAAAAAAAAAAAAAAAzo=}}

@article{cho2014,
	Author = {Cho, Kyunghyun and Van Merri{\"e}nboer, Bart and Gulcehre, Caglar and Bahdanau, Dzmitry and Bougares, Fethi and Schwenk, Holger and Bengio, Yoshua},
	Date-Added = {2016-10-26 04:30:16 +0000},
	Date-Modified = {2016-10-26 08:01:29 +0000},
	Journal = {arXiv preprint arXiv:1406.1078},
	Keywords = {GRU},
	Title = {Learning phrase representations using RNN encoder-decoder for statistical machine translation},
	Year = {2014},
	Bdsk-File-1 = {YnBsaXN0MDDUAQIDBAUGJCVYJHZlcnNpb25YJG9iamVjdHNZJGFyY2hpdmVyVCR0b3ASAAGGoKgHCBMUFRYaIVUkbnVsbNMJCgsMDxJXTlMua2V5c1pOUy5vYmplY3RzViRjbGFzc6INDoACgAOiEBGABIAFgAdccmVsYXRpdmVQYXRoWWFsaWFzRGF0YW8QIQAuAC4ALwAuAC4ALxEOEWERtxEAEWkRAhFpEasRBhFuEasALwBjAGgAbwAyADAAMQA0AF8ARwBSAFUALgBwAGQAZtIXCxgZV05TLmRhdGFPEQHEAAAAAAHEAAIAAAxNYWNpbnRvc2ggSEQAAAAAAAAAAAAAAAAAAADOFK+iSCsAAAAa+J4PY2hvMjAxNF9HUlUucGRmAAAAAAAAAAAAAAAAAAAAAAAAAAAAAAAAAAAAAAAAAAAAAAAAAAAAAAAAAAAAAAAAADb1BtQ2QnQAAAAAAAAAAAACAAIAAAkgAAAAAAAAAAAAAAAAAAAACj8/PyMxQUY4OUUAEAAIAADOFDESAAAAEQAIAADUNcPkAAAAAQAUABr4ngAOPUYADjZ9AA2FXAANhUgAAgBITWFjaW50b3NoIEhEOlVzZXJzOgBob2hraW06AERvY3VtZW50czoAS05PVToAPz8/IzFBRjg5RToAY2hvMjAxNF9HUlUucGRmAA4AIAAPAGMAaABvADIAMAAxADQAXwBHAFIAVQAuAHAAZABmAA8AGgAMAE0AYQBjAGkAbgB0AG8AcwBoACAASABEABIATVVzZXJzL2hvaGtpbS9Eb2N1bWVudHMvS05PVS/hhI7hhaHhhrfhhIDhhanhhILhhanhhqvhhIbhha7hhqsvY2hvMjAxNF9HUlUucGRmAAATAAEvAAAVAAIADf//AACABtIbHB0eWiRjbGFzc25hbWVYJGNsYXNzZXNdTlNNdXRhYmxlRGF0YaMdHyBWTlNEYXRhWE5TT2JqZWN00hscIiNcTlNEaWN0aW9uYXJ5oiIgXxAPTlNLZXllZEFyY2hpdmVy0SYnVHJvb3SAAQAIABEAGgAjAC0AMgA3AEAARgBNAFUAYABnAGoAbABuAHEAcwB1AHcAhACOANMA2ADgAqgCqgKvAroCwwLRAtUC3ALlAuoC9wL6AwwDDwMUAAAAAAAAAgEAAAAAAAAAKAAAAAAAAAAAAAAAAAAAAxY=}}

@url{lstmblog,
	Author = {Colah},
	Date-Added = {2016-10-26 04:17:45 +0000},
	Date-Modified = {2016-10-27 01:38:59 +0000},
	Keywords = {LSTM, GRU, RNN},
	Title = {Understanding LTSM Networks},
	Url = {http://colah.github.io/posts/2015-08-Understanding-LSTMs/},
	Urldate = {2015.8}}

@article{chaudhuri2016,
	Author = {Chaudhuri, Tamal Datta and Ghosh, Indranil},
	Date-Added = {2016-10-26 02:47:31 +0000},
	Date-Modified = {2016-10-26 08:01:22 +0000},
	Journal = {arXiv preprint arXiv:1607.02093},
	Keywords = {exchange rate, artificial neural networks,NARX,MLFFNN,GARCH,EGARCH,ADF test,MSE},
	Title = {Artificial Neural Network and Time Series Modeling Based Approach to Forecasting the Exchange Rate in a Multivariate Framework},
	Year = {2016},
	Bdsk-File-1 = {YnBsaXN0MDDUAQIDBAUGJCVYJHZlcnNpb25YJG9iamVjdHNZJGFyY2hpdmVyVCR0b3ASAAGGoKgHCBMUFRYaIVUkbnVsbNMJCgsMDxJXTlMua2V5c1pOUy5vYmplY3RzViRjbGFzc6INDoACgAOiEBGABIAFgAdccmVsYXRpdmVQYXRoWWFsaWFzRGF0YW8QQAAuAC4ALwAuAC4ALxEOEWERtxEAEWkRAhFpEasRBhFuEasALwBjAGgAYQB1AGQAaAB1AHIAaQBfADIAMAAxADYAXwBmAG8AcgBjAGEAcwB0AGkAbgBnACAAdABoAGUAIABFAFgAIAByAGEAdABlACAAMgAwADEANgAuAHAAZABm0hcLGBlXTlMuZGF0YU8RAjAAAAAAAjAAAgAADE1hY2ludG9zaCBIRAAAAAAAAAAAAAAAAAAAAM4Ur6JIKwAAABr4nh9jaGF1ZGh1cmlfMjAxNl9mb3JjYSMzNkY1MEEucGRmAAAAAAAAAAAAAAAAAAAAAAAAAAAAAAAAAAAAAAAAAAAANvUK1DZCdgAAAAAAAAAAAAIAAgAACSAAAAAAAAAAAAAAAAAAAAAKPz8/IzFBRjg5RQAQAAgAAM4UMRIAAAARAAgAANQ1w+YAAAABABQAGvieAA49RgAONn0ADYVcAA2FSAACAFhNYWNpbnRvc2ggSEQ6VXNlcnM6AGhvaGtpbToARG9jdW1lbnRzOgBLTk9VOgA/Pz8jMUFGODlFOgBjaGF1ZGh1cmlfMjAxNl9mb3JjYSMzNkY1MEEucGRmAA4AXgAuAGMAaABhAHUAZABoAHUAcgBpAF8AMgAwADEANgBfAGYAbwByAGMAYQBzAHQAaQBuAGcAIAB0AGgAZQAgAEUAWAAgAHIAYQB0AGUAIAAyADAAMQA2AC4AcABkAGYADwAaAAwATQBhAGMAaQBuAHQAbwBzAGgAIABIAEQAEgBsVXNlcnMvaG9oa2ltL0RvY3VtZW50cy9LTk9VL+GEjuGFoeGGt+GEgOGFqeGEguGFqeGGq+GEhuGFruGGqy9jaGF1ZGh1cmlfMjAxNl9mb3JjYXN0aW5nIHRoZSBFWCByYXRlIDIwMTYucGRmABMAAS8AABUAAgAN//8AAIAG0hscHR5aJGNsYXNzbmFtZVgkY2xhc3Nlc11OU011dGFibGVEYXRhox0fIFZOU0RhdGFYTlNPYmplY3TSGxwiI1xOU0RpY3Rpb25hcnmiIiBfEA9OU0tleWVkQXJjaGl2ZXLRJidUcm9vdIABAAgAEQAaACMALQAyADcAQABGAE0AVQBgAGcAagBsAG4AcQBzAHUAdwCEAI4BEQEWAR4DUgNUA1kDZANtA3sDfwOGA48DlAOhA6QDtgO5A74AAAAAAAACAQAAAAAAAAAoAAAAAAAAAAAAAAAAAAADwA==}}

@article{jalal2016,
	Author = {Jalal, Mona Ebadi and Hosseini, Monireh and Karlsson, Stefan},
	Date-Added = {2016-10-26 02:42:25 +0000},
	Date-Modified = {2016-10-26 08:01:52 +0000},
	Journal = {Journal of Business Research},
	Keywords = {forcasting, predicting, call center, neural networks},
	Publisher = {Elsevier},
	Title = {Forecasting incoming call volumes in call centers with recurrent Neural Networks},
	Year = {2016},
	Bdsk-File-1 = {YnBsaXN0MDDUAQIDBAUGJCVYJHZlcnNpb25YJG9iamVjdHNZJGFyY2hpdmVyVCR0b3ASAAGGoKgHCBMUFRYaIVUkbnVsbNMJCgsMDxJXTlMua2V5c1pOUy5vYmplY3RzViRjbGFzc6INDoACgAOiEBGABIAFgAdccmVsYXRpdmVQYXRoWWFsaWFzRGF0YW8QSgAuAC4ALwAuAC4ALxEOEWERtxEAEWkRAhFpEasRBhFuEasALwBqAGEAbABhAGwAXwAyADAAMQA2AF8AZgBvAHIAYwBhAHMAdABpAG4AZwAgAGkAbgBjAG8AbQBpAG4AZwAgAGMAYQBsAGwAIAB2AG8AbAB1AG0AZQBzACAAdwBpAHQAaAAgAFIATgBOAC4AcABkAGbSFwsYGVdOUy5kYXRhTxECTgAAAAACTgACAAAMTWFjaW50b3NoIEhEAAAAAAAAAAAAAAAAAAAAzhSvokgrAAAAGvieH2phbGFsXzIwMTZfZm9yY2FzdGluIzM2RjUwNC5wZGYAAAAAAAAAAAAAAAAAAAAAAAAAAAAAAAAAAAAAAAAAAAA29QTUNkJ0AAAAAAAAAAAAAgACAAAJIAAAAAAAAAAAAAAAAAAAAAo/Pz8jMUFGODlFABAACAAAzhQxEgAAABEACAAA1DXD5AAAAAEAFAAa+J4ADj1GAA42fQANhVwADYVIAAIAWE1hY2ludG9zaCBIRDpVc2VyczoAaG9oa2ltOgBEb2N1bWVudHM6AEtOT1U6AD8/PyMxQUY4OUU6AGphbGFsXzIwMTZfZm9yY2FzdGluIzM2RjUwNC5wZGYADgByADgAagBhAGwAYQBsAF8AMgAwADEANgBfAGYAbwByAGMAYQBzAHQAaQBuAGcAIABpAG4AYwBvAG0AaQBuAGcAIABjAGEAbABsACAAdgBvAGwAdQBtAGUAcwAgAHcAaQB0AGgAIABSAE4ATgAuAHAAZABmAA8AGgAMAE0AYQBjAGkAbgB0AG8AcwBoACAASABEABIAdlVzZXJzL2hvaGtpbS9Eb2N1bWVudHMvS05PVS/hhI7hhaHhhrfhhIDhhanhhILhhanhhqvhhIbhha7hhqsvamFsYWxfMjAxNl9mb3JjYXN0aW5nIGluY29taW5nIGNhbGwgdm9sdW1lcyB3aXRoIFJOTi5wZGYAEwABLwAAFQACAA3//wAAgAbSGxwdHlokY2xhc3NuYW1lWCRjbGFzc2VzXU5TTXV0YWJsZURhdGGjHR8gVk5TRGF0YVhOU09iamVjdNIbHCIjXE5TRGljdGlvbmFyeaIiIF8QD05TS2V5ZWRBcmNoaXZlctEmJ1Ryb290gAEACAARABoAIwAtADIANwBAAEYATQBVAGAAZwBqAGwAbgBxAHMAdQB3AIQAjgElASoBMgOEA4YDiwOWA58DrQOxA7gDwQPGA9MD1gPoA+sD8AAAAAAAAAIBAAAAAAAAACgAAAAAAAAAAAAAAAAAAAPy}}

@article{wang2016a,
	Author = {Wang, Jie and Wang, Jun and Fang, Wen and Niu, Hongli},
	Date-Added = {2016-10-26 02:39:18 +0000},
	Date-Modified = {2016-10-26 08:02:37 +0000},
	Journal = {Computational Intelligence and Neuroscience},
	Keywords = {elman recurrent neural network, ERNN, STNN, stock price, KOSPI, forcasting, predicting, CID},
	Publisher = {Hindawi Publishing Corporation},
	Title = {Financial Time Series Prediction Using Elman Recurrent Random Neural Networks},
	Volume = {2016},
	Year = {2016},
	Bdsk-File-1 = {YnBsaXN0MDDUAQIDBAUGJCVYJHZlcnNpb25YJG9iamVjdHNZJGFyY2hpdmVyVCR0b3ASAAGGoKgHCBMUFRYaIVUkbnVsbNMJCgsMDxJXTlMua2V5c1pOUy5vYmplY3RzViRjbGFzc6INDoACgAOiEBGABIAFgAdccmVsYXRpdmVQYXRoWWFsaWFzRGF0YW8QKAAuAC4ALwAuAC4ALxEOEWERtxEAEWkRAhFpEasRBhFuEasALwB3AGEAbgBnADIAMAAxADYAXwBmAGkAbgBhAG4AYwBpAGEAbAAuAHAAZABm0hcLGBlXTlMuZGF0YU8RAeAAAAAAAeAAAgAADE1hY2ludG9zaCBIRAAAAAAAAAAAAAAAAAAAAM4Ur6JIKwAAABr4nhZ3YW5nMjAxNl9maW5hbmNpYWwucGRmAAAAAAAAAAAAAAAAAAAAAAAAAAAAAAAAAAAAAAAAAAAAAAAAAAAAAAAANvUS1DZCeAAAAAAAAAAAAAIAAgAACSAAAAAAAAAAAAAAAAAAAAAKPz8/IzFBRjg5RQAQAAgAAM4UMRIAAAARAAgAANQ1w+gAAAABABQAGvieAA49RgAONn0ADYVcAA2FSAACAE9NYWNpbnRvc2ggSEQ6VXNlcnM6AGhvaGtpbToARG9jdW1lbnRzOgBLTk9VOgA/Pz8jMUFGODlFOgB3YW5nMjAxNl9maW5hbmNpYWwucGRmAAAOAC4AFgB3AGEAbgBnADIAMAAxADYAXwBmAGkAbgBhAG4AYwBpAGEAbAAuAHAAZABmAA8AGgAMAE0AYQBjAGkAbgB0AG8AcwBoACAASABEABIAVFVzZXJzL2hvaGtpbS9Eb2N1bWVudHMvS05PVS/hhI7hhaHhhrfhhIDhhanhhILhhanhhqvhhIbhha7hhqsvd2FuZzIwMTZfZmluYW5jaWFsLnBkZgATAAEvAAAVAAIADf//AACABtIbHB0eWiRjbGFzc25hbWVYJGNsYXNzZXNdTlNNdXRhYmxlRGF0YaMdHyBWTlNEYXRhWE5TT2JqZWN00hscIiNcTlNEaWN0aW9uYXJ5oiIgXxAPTlNLZXllZEFyY2hpdmVy0SYnVHJvb3SAAQAIABEAGgAjAC0AMgA3AEAARgBNAFUAYABnAGoAbABuAHEAcwB1AHcAhACOAOEA5gDuAtIC1ALZAuQC7QL7Av8DBgMPAxQDIQMkAzYDOQM+AAAAAAAAAgEAAAAAAAAAKAAAAAAAAAAAAAAAAAAAA0A=}}

@article{leonard2015,
	Author = {L{\'e}onard, Nicholas and Waghmare, Sagar and Wang, Yang},
	Date-Added = {2016-10-26 02:36:53 +0000},
	Date-Modified = {2016-10-26 08:02:06 +0000},
	Journal = {arXiv preprint arXiv:1511.07889},
	Keywords = {RNN, library for machine learning, torch7},
	Title = {RNN: Recurrent library for torch},
	Year = {2015},
	Bdsk-File-1 = {YnBsaXN0MDDUAQIDBAUGJCVYJHZlcnNpb25YJG9iamVjdHNZJGFyY2hpdmVyVCR0b3ASAAGGoKgHCBMUFRYaIVUkbnVsbNMJCgsMDxJXTlMua2V5c1pOUy5vYmplY3RzViRjbGFzc6INDoACgAOiEBGABIAFgAdccmVsYXRpdmVQYXRoWWFsaWFzRGF0YW8QMQAuAC4ALwAuAC4ALxEOEWERtxEAEWkRAhFpEasRBhFuEasALwBSAGUAYwB1AHIAcgBlAG4AdAAgAEwAaQBiAHIAYQByAHkAIABmAG8AcgAgAFQAbwByAGMAaAAuAHAAZABm0hcLGBlXTlMuZGF0YU8RAgQAAAAAAgQAAgAADE1hY2ludG9zaCBIRAAAAAAAAAAAAAAAAAAAAM4Ur6JIKwAAABr4nh9SZWN1cnJlbnQgTGlicmFyeSBmb3IgVG9yY2gucGRmAAAAAAAAAAAAAAAAAAAAAAAAAAAAAAAAAAAAAAAAAAAANvUR1DZCeAAAAAAAAAAAAAIAAgAACSAAAAAAAAAAAAAAAAAAAAAKPz8/IzFBRjg5RQAQAAgAAM4UMRIAAAARAAgAANQ1w+gAAAABABQAGvieAA49RgAONn0ADYVcAA2FSAACAFhNYWNpbnRvc2ggSEQ6VXNlcnM6AGhvaGtpbToARG9jdW1lbnRzOgBLTk9VOgA/Pz8jMUFGODlFOgBSZWN1cnJlbnQgTGlicmFyeSBmb3IgVG9yY2gucGRmAA4AQAAfAFIAZQBjAHUAcgByAGUAbgB0ACAATABpAGIAcgBhAHIAeQAgAGYAbwByACAAVABvAHIAYwBoAC4AcABkAGYADwAaAAwATQBhAGMAaQBuAHQAbwBzAGgAIABIAEQAEgBdVXNlcnMvaG9oa2ltL0RvY3VtZW50cy9LTk9VL+GEjuGFoeGGt+GEgOGFqeGEguGFqeGGq+GEhuGFruGGqy9SZWN1cnJlbnQgTGlicmFyeSBmb3IgVG9yY2gucGRmAAATAAEvAAAVAAIADf//AACABtIbHB0eWiRjbGFzc25hbWVYJGNsYXNzZXNdTlNNdXRhYmxlRGF0YaMdHyBWTlNEYXRhWE5TT2JqZWN00hscIiNcTlNEaWN0aW9uYXJ5oiIgXxAPTlNLZXllZEFyY2hpdmVy0SYnVHJvb3SAAQAIABEAGgAjAC0AMgA3AEAARgBNAFUAYABnAGoAbABuAHEAcwB1AHcAhACOAPMA+AEAAwgDCgMPAxoDIwMxAzUDPANFA0oDVwNaA2wDbwN0AAAAAAAAAgEAAAAAAAAAKAAAAAAAAAAAAAAAAAAAA3Y=}}

@article{zhang2003,
	Author = {Zhang, G Peter},
	Date-Added = {2016-10-26 02:33:26 +0000},
	Date-Modified = {2016-10-26 08:00:12 +0000},
	Journal = {Neurocomputing},
	Keywords = {ARIMA, time series, forcasting, hybrid model, Box-Jenkins, artificial neural networks},
	Pages = {159--175},
	Publisher = {Elsevier},
	Title = {Time series forecasting using a hybrid ARIMA and neural network model},
	Volume = {50},
	Year = {2003},
	Bdsk-File-1 = {YnBsaXN0MDDUAQIDBAUGJCVYJHZlcnNpb25YJG9iamVjdHNZJGFyY2hpdmVyVCR0b3ASAAGGoKgHCBMUFRYaIVUkbnVsbNMJCgsMDxJXTlMua2V5c1pOUy5vYmplY3RzViRjbGFzc6INDoACgAOiEBGABIAFgAdccmVsYXRpdmVQYXRoWWFsaWFzRGF0YW8QHwAuAC4ALwAuAC4ALxEOEWERtxEAEWkRAhFpEasRBhFuEasALwB6AGgAYQBuAGcAMgAwADAAMwAuAHAAZABm0hcLGBlXTlMuZGF0YU8RAbwAAAAAAbwAAgAADE1hY2ludG9zaCBIRAAAAAAAAAAAAAAAAAAAAM4Ur6JIKwAAABr4ng16aGFuZzIwMDMucGRmAAAAAAAAAAAAAAAAAAAAAAAAAAAAAAAAAAAAAAAAAAAAAAAAAAAAAAAAAAAAAAAAAAAANOET1Cvo6gAAAAAAAAAAAAIAAgAACSAAAAAAAAAAAAAAAAAAAAAKPz8/IzFBRjg5RQAQAAgAAM4UMRIAAAARAAgAANQraloAAAABABQAGvieAA49RgAONn0ADYVcAA2FSAACAEZNYWNpbnRvc2ggSEQ6VXNlcnM6AGhvaGtpbToARG9jdW1lbnRzOgBLTk9VOgA/Pz8jMUFGODlFOgB6aGFuZzIwMDMucGRmAA4AHAANAHoAaABhAG4AZwAyADAAMAAzAC4AcABkAGYADwAaAAwATQBhAGMAaQBuAHQAbwBzAGgAIABIAEQAEgBLVXNlcnMvaG9oa2ltL0RvY3VtZW50cy9LTk9VL+GEjuGFoeGGt+GEgOGFqeGEguGFqeGGq+GEhuGFruGGqy96aGFuZzIwMDMucGRmAAATAAEvAAAVAAIADf//AACABtIbHB0eWiRjbGFzc25hbWVYJGNsYXNzZXNdTlNNdXRhYmxlRGF0YaMdHyBWTlNEYXRhWE5TT2JqZWN00hscIiNcTlNEaWN0aW9uYXJ5oiIgXxAPTlNLZXllZEFyY2hpdmVy0SYnVHJvb3SAAQAIABEAGgAjAC0AMgA3AEAARgBNAFUAYABnAGoAbABuAHEAcwB1AHcAhACOAM8A1ADcApwCngKjAq4CtwLFAskC0ALZAt4C6wLuAwADAwMIAAAAAAAAAgEAAAAAAAAAKAAAAAAAAAAAAAAAAAAAAwo=}}

@article{khashei2010,
	Author = {Khashei, Mehdi and Bijari, Mehdi},
	Date-Added = {2016-10-26 02:28:27 +0000},
	Date-Modified = {2016-10-26 08:01:59 +0000},
	Journal = {Expert Systems with applications},
	Keywords = {artificial neural networks, ARIMA, time series, forcasting},
	Number = {1},
	Pages = {479--489},
	Publisher = {Elsevier},
	Title = {An artificial neural network (p, d, q) model for timeseries forecasting},
	Volume = {37},
	Year = {2010},
	Bdsk-File-1 = {YnBsaXN0MDDUAQIDBAUGJCVYJHZlcnNpb25YJG9iamVjdHNZJGFyY2hpdmVyVCR0b3ASAAGGoKgHCBMUFRYaIVUkbnVsbNMJCgsMDxJXTlMua2V5c1pOUy5vYmplY3RzViRjbGFzc6INDoACgAOiEBGABIAFgAdccmVsYXRpdmVQYXRoWWFsaWFzRGF0YW8QXQAuAC4ALwAuAC4ALxEOEWERtxEAEWkRAhFpEasRBhFuEasALwBBAG4AIABhAHIAdABpAGYAaQBjAGkAYQBsACAAbgBlAHUAcgBhAGwAIABuAGUAdAB3AG8AcgBrACAAKABwACwAIABkACwAIABxACkAIABtAG8AZABlAGwAIABmAG8AcgAgAHQAaQBtAGUAcwBlAHIAaQBlAHMAIABmAG8AcgBlAGMAYQBzAHQAaQBuAGcALgBwAGQAZtIXCxgZV05TLmRhdGFPEQKIAAAAAAKIAAIAAAxNYWNpbnRvc2ggSEQAAAAAAAAAAAAAAAAAAADOFK+iSCsAAAAa+J4fQW4gYXJ0aWZpY2lhbCBuZXVyYWwjMzZGNTA5LnBkZgAAAAAAAAAAAAAAAAAAAAAAAAAAAAAAAAAAAAAAAAAAADb1CdQ2QnYAAAAAAAAAAAACAAIAAAkgAAAAAAAAAAAAAAAAAAAACj8/PyMxQUY4OUUAEAAIAADOFDESAAAAEQAIAADUNcPmAAAAAQAUABr4ngAOPUYADjZ9AA2FXAANhUgAAgBYTWFjaW50b3NoIEhEOlVzZXJzOgBob2hraW06AERvY3VtZW50czoAS05PVToAPz8/IzFBRjg5RToAQW4gYXJ0aWZpY2lhbCBuZXVyYWwjMzZGNTA5LnBkZgAOAJgASwBBAG4AIABhAHIAdABpAGYAaQBjAGkAYQBsACAAbgBlAHUAcgBhAGwAIABuAGUAdAB3AG8AcgBrACAAKABwACwAIABkACwAIABxACkAIABtAG8AZABlAGwAIABmAG8AcgAgAHQAaQBtAGUAcwBlAHIAaQBlAHMAIABmAG8AcgBlAGMAYQBzAHQAaQBuAGcALgBwAGQAZgAPABoADABNAGEAYwBpAG4AdABvAHMAaAAgAEgARAASAIlVc2Vycy9ob2hraW0vRG9jdW1lbnRzL0tOT1Uv4YSO4YWh4Ya34YSA4YWp4YSC4YWp4Yar4YSG4YWu4YarL0FuIGFydGlmaWNpYWwgbmV1cmFsIG5ldHdvcmsgKHAsIGQsIHEpIG1vZGVsIGZvciB0aW1lc2VyaWVzIGZvcmVjYXN0aW5nLnBkZgAAEwABLwAAFQACAA3//wAAgAbSGxwdHlokY2xhc3NuYW1lWCRjbGFzc2VzXU5TTXV0YWJsZURhdGGjHR8gVk5TRGF0YVhOU09iamVjdNIbHCIjXE5TRGljdGlvbmFyeaIiIF8QD05TS2V5ZWRBcmNoaXZlctEmJ1Ryb290gAEACAARABoAIwAtADIANwBAAEYATQBVAGAAZwBqAGwAbgBxAHMAdQB3AIQAjgFLAVABWAPkA+YD6wP2A/8EDQQRBBgEIQQmBDMENgRIBEsEUAAAAAAAAAIBAAAAAAAAACgAAAAAAAAAAAAAAAAAAARS}}

@article{babu2014,
	Author = {Babu, C Narendra and Reddy, B Eswara},
	Date-Added = {2016-10-26 02:10:09 +0000},
	Date-Modified = {2016-10-26 08:00:01 +0000},
	Journal = {Applied Soft Computing},
	Keywords = {ARIMA, time series, forcasting, hybrid model, Box-Jenkins},
	Pages = {27--38},
	Publisher = {Elsevier},
	Title = {A moving-average filter based hybrid ARIMA--ANN model for forecasting time series data},
	Volume = {23},
	Year = {2014},
	Bdsk-File-1 = {YnBsaXN0MDDUAQIDBAUGJCVYJHZlcnNpb25YJG9iamVjdHNZJGFyY2hpdmVyVCR0b3ASAAGGoKgHCBMUFRYaIVUkbnVsbNMJCgsMDxJXTlMua2V5c1pOUy5vYmplY3RzViRjbGFzc6INDoACgAOiEBGABIAFgAdccmVsYXRpdmVQYXRoWWFsaWFzRGF0YW8QHgAuAC4ALwAuAC4ALxEOEWERtxEAEWkRAhFpEasRBhFuEasALwBiAGEAYgB1ADIAMAAxADQALgBwAGQAZtIXCxgZV05TLmRhdGFPEQG4AAAAAAG4AAIAAAxNYWNpbnRvc2ggSEQAAAAAAAAAAAAAAAAAAADOFK+iSCsAAAAa+J4MYmFidTIwMTQucGRmAAAAAAAAAAAAAAAAAAAAAAAAAAAAAAAAAAAAAAAAAAAAAAAAAAAAAAAAAAAAAAAAAAAAADTkKNQr6y4AAAAAAAAAAAACAAIAAAkgAAAAAAAAAAAAAAAAAAAACj8/PyMxQUY4OUUAEAAIAADOFDESAAAAEQAIAADUK2yeAAAAAQAUABr4ngAOPUYADjZ9AA2FXAANhUgAAgBFTWFjaW50b3NoIEhEOlVzZXJzOgBob2hraW06AERvY3VtZW50czoAS05PVToAPz8/IzFBRjg5RToAYmFidTIwMTQucGRmAAAOABoADABiAGEAYgB1ADIAMAAxADQALgBwAGQAZgAPABoADABNAGEAYwBpAG4AdABvAHMAaAAgAEgARAASAEpVc2Vycy9ob2hraW0vRG9jdW1lbnRzL0tOT1Uv4YSO4YWh4Ya34YSA4YWp4YSC4YWp4Yar4YSG4YWu4YarL2JhYnUyMDE0LnBkZgATAAEvAAAVAAIADf//AACABtIbHB0eWiRjbGFzc25hbWVYJGNsYXNzZXNdTlNNdXRhYmxlRGF0YaMdHyBWTlNEYXRhWE5TT2JqZWN00hscIiNcTlNEaWN0aW9uYXJ5oiIgXxAPTlNLZXllZEFyY2hpdmVy0SYnVHJvb3SAAQAIABEAGgAjAC0AMgA3AEAARgBNAFUAYABnAGoAbABuAHEAcwB1AHcAhACOAM0A0gDaApYCmAKdAqgCsQK/AsMCygLTAtgC5QLoAvoC/QMCAAAAAAAAAgEAAAAAAAAAKAAAAAAAAAAAAAAAAAAAAwQ=}}
